<?xml version="1.0" encoding="UTF-8"?><collection xmlns="http://www.loc.gov/MARC21/slim"><record><leader>00425nam--2200133-i-4500</leader><controlfield tag="001">000022655</controlfield><controlfield tag="002">20161230</controlfield><controlfield tag="005">20161230201034</controlfield><controlfield tag="008">060222s1000------------r-----000-0-eng-d</controlfield><datafield ind1=" " ind2=" " tag="080"><subfield code="a">541</subfield></datafield><datafield ind1=" " ind2=" " tag="100"><subfield code="a">Hameka, Hendrik F</subfield></datafield><datafield ind1=" " ind2=" " tag="245"><subfield code="a">Advanced quantum chemistry. theory of interections between molecules and electromagnetic fields</subfield></datafield><datafield ind1=" " ind2=" " tag="260"><subfield code="a">Reading, Mass.,Addison-weslwy Publ.Co.,1965. X + 277 P</subfield></datafield><datafield ind1=" " ind2=" " tag="490"><subfield code="a">Addison-wesley Publ.Co</subfield></datafield></record></collection>